%YAML 1.1
%TAG !u! tag:unity3d.com,2011:
--- !u!65 &2197759075764437868
BoxCollider:
  m_ObjectHideFlags: 0
  m_CorrespondingSourceObject: {fileID: 0}
  m_PrefabInstance: {fileID: 0}
  m_PrefabAsset: {fileID: 0}
  m_GameObject: {fileID: 197736222729949168}
  m_Material: {fileID: 0}
  m_IsTrigger: 0
  m_Enabled: 1
  serializedVersion: 2
  m_Size: {x: 1, y: 1, z: 1}
  m_Center: {x: 0, y: 0, z: 0}
--- !u!65 &4844259149925637020
BoxCollider:
  m_ObjectHideFlags: 0
  m_CorrespondingSourceObject: {fileID: 0}
  m_PrefabInstance: {fileID: 0}
  m_PrefabAsset: {fileID: 0}
  m_GameObject: {fileID: 1257889584480356498}
  m_Material: {fileID: 0}
  m_IsTrigger: 0
  m_Enabled: 1
  serializedVersion: 2
  m_Size: {x: 1.0000002, y: 1, z: 1.0000002}
  m_Center: {x: 0, y: 0, z: 0}
--- !u!1 &3729057231278780515
GameObject:
  m_ObjectHideFlags: 0
  m_CorrespondingSourceObject: {fileID: 0}
  m_PrefabInstance: {fileID: 0}
  m_PrefabAsset: {fileID: 0}
  serializedVersion: 6
  m_Component:
  - component: {fileID: 8377903265544688775}
  - component: {fileID: 8700882450541015841}
  - component: {fileID: 444214651809796849}
  - component: {fileID: 5218688448313132841}
  m_Layer: 0
  m_Name: Noeud
  m_TagString: Untagged
  m_Icon: {fileID: 0}
  m_NavMeshLayer: 0
  m_StaticEditorFlags: 4294967295
  m_IsActive: 1
--- !u!4 &8377903265544688775
Transform:
  m_ObjectHideFlags: 0
  m_CorrespondingSourceObject: {fileID: 0}
  m_PrefabInstance: {fileID: 0}
  m_PrefabAsset: {fileID: 0}
  m_GameObject: {fileID: 3729057231278780515}
  m_LocalRotation: {x: 0, y: 0, z: 0, w: 1}
  m_LocalPosition: {x: 0, y: 0, z: 0}
  m_LocalScale: {x: 5, y: 0.1, z: 5}
  m_Children: []
  m_Father: {fileID: 6888614292448649655}
  m_RootOrder: 0
  m_LocalEulerAnglesHint: {x: 0, y: 0, z: 0}
--- !u!33 &8700882450541015841
MeshFilter:
  m_ObjectHideFlags: 0
  m_CorrespondingSourceObject: {fileID: 0}
  m_PrefabInstance: {fileID: 0}
  m_PrefabAsset: {fileID: 0}
  m_GameObject: {fileID: 3729057231278780515}
  m_Mesh: {fileID: 10202, guid: 0000000000000000e000000000000000, type: 0}
--- !u!23 &444214651809796849
MeshRenderer:
  m_ObjectHideFlags: 0
  m_CorrespondingSourceObject: {fileID: 0}
  m_PrefabInstance: {fileID: 0}
  m_PrefabAsset: {fileID: 0}
  m_GameObject: {fileID: 3729057231278780515}
  m_Enabled: 1
  m_CastShadows: 1
  m_ReceiveShadows: 1
  m_DynamicOccludee: 1
  m_MotionVectors: 1
  m_LightProbeUsage: 1
  m_ReflectionProbeUsage: 1
  m_RayTracingMode: 2
  m_RenderingLayerMask: 1
  m_RendererPriority: 0
  m_Materials:
  - {fileID: 2100000, guid: a28c3a3933c37854e825cb1be4f88e42, type: 2}
  m_StaticBatchInfo:
    firstSubMesh: 0
    subMeshCount: 0
  m_StaticBatchRoot: {fileID: 0}
  m_ProbeAnchor: {fileID: 0}
  m_LightProbeVolumeOverride: {fileID: 0}
  m_ScaleInLightmap: 1
  m_ReceiveGI: 1
  m_PreserveUVs: 0
  m_IgnoreNormalsForChartDetection: 0
  m_ImportantGI: 0
  m_StitchLightmapSeams: 1
  m_SelectedEditorRenderState: 3
  m_MinimumChartSize: 4
  m_AutoUVMaxDistance: 0.5
  m_AutoUVMaxAngle: 89
  m_LightmapParameters: {fileID: 0}
  m_SortingLayerID: 0
  m_SortingLayer: 0
  m_SortingOrder: 0
--- !u!65 &5218688448313132841
BoxCollider:
  m_ObjectHideFlags: 0
  m_CorrespondingSourceObject: {fileID: 0}
  m_PrefabInstance: {fileID: 0}
  m_PrefabAsset: {fileID: 0}
  m_GameObject: {fileID: 3729057231278780515}
  m_Material: {fileID: 0}
  m_IsTrigger: 0
  m_Enabled: 1
  serializedVersion: 2
  m_Size: {x: 1, y: 1, z: 1}
  m_Center: {x: 0, y: 0, z: 0}
--- !u!1 &5889726477849910011
GameObject:
  m_ObjectHideFlags: 0
  m_CorrespondingSourceObject: {fileID: 0}
  m_PrefabInstance: {fileID: 0}
  m_PrefabAsset: {fileID: 0}
  serializedVersion: 6
  m_Component:
  - component: {fileID: 2361408151050317611}
  - component: {fileID: 577005269981876165}
  - component: {fileID: 7909226805126558971}
  - component: {fileID: 5832048520417859205}
  m_Layer: 0
  m_Name: Pillier
  m_TagString: Untagged
  m_Icon: {fileID: 0}
  m_NavMeshLayer: 0
  m_StaticEditorFlags: 4294967295
  m_IsActive: 1
--- !u!4 &2361408151050317611
Transform:
  m_ObjectHideFlags: 0
  m_CorrespondingSourceObject: {fileID: 0}
  m_PrefabInstance: {fileID: 0}
  m_PrefabAsset: {fileID: 0}
  m_GameObject: {fileID: 5889726477849910011}
  m_LocalRotation: {x: 0, y: 0, z: 0, w: 1}
  m_LocalPosition: {x: 3, y: 2.25, z: 3}
  m_LocalScale: {x: 1, y: 4.7, z: 1}
  m_Children: []
  m_Father: {fileID: 6888614292448649655}
  m_RootOrder: 1
  m_LocalEulerAnglesHint: {x: 0, y: 0, z: 0}
--- !u!33 &577005269981876165
MeshFilter:
  m_ObjectHideFlags: 0
  m_CorrespondingSourceObject: {fileID: 0}
  m_PrefabInstance: {fileID: 0}
  m_PrefabAsset: {fileID: 0}
  m_GameObject: {fileID: 5889726477849910011}
  m_Mesh: {fileID: 10202, guid: 0000000000000000e000000000000000, type: 0}
--- !u!23 &7909226805126558971
MeshRenderer:
  m_ObjectHideFlags: 0
  m_CorrespondingSourceObject: {fileID: 0}
  m_PrefabInstance: {fileID: 0}
  m_PrefabAsset: {fileID: 0}
  m_GameObject: {fileID: 5889726477849910011}
  m_Enabled: 1
  m_CastShadows: 1
  m_ReceiveShadows: 1
  m_DynamicOccludee: 1
  m_MotionVectors: 1
  m_LightProbeUsage: 1
  m_ReflectionProbeUsage: 1
  m_RayTracingMode: 2
  m_RenderingLayerMask: 1
  m_RendererPriority: 0
  m_Materials:
  - {fileID: 2100000, guid: 746342447d55f094d965d0f2633ca52f, type: 2}
  m_StaticBatchInfo:
    firstSubMesh: 0
    subMeshCount: 0
  m_StaticBatchRoot: {fileID: 0}
  m_ProbeAnchor: {fileID: 0}
  m_LightProbeVolumeOverride: {fileID: 0}
  m_ScaleInLightmap: 1
  m_ReceiveGI: 1
  m_PreserveUVs: 0
  m_IgnoreNormalsForChartDetection: 0
  m_ImportantGI: 0
  m_StitchLightmapSeams: 1
  m_SelectedEditorRenderState: 3
  m_MinimumChartSize: 4
  m_AutoUVMaxDistance: 0.5
  m_AutoUVMaxAngle: 89
  m_LightmapParameters: {fileID: 0}
  m_SortingLayerID: 0
  m_SortingLayer: 0
  m_SortingOrder: 0
--- !u!65 &5832048520417859205
BoxCollider:
  m_ObjectHideFlags: 0
  m_CorrespondingSourceObject: {fileID: 0}
  m_PrefabInstance: {fileID: 0}
  m_PrefabAsset: {fileID: 0}
  m_GameObject: {fileID: 5889726477849910011}
  m_Material: {fileID: 0}
  m_IsTrigger: 0
  m_Enabled: 1
  serializedVersion: 2
  m_Size: {x: 1, y: 1, z: 1}
  m_Center: {x: 0, y: 0, z: 0}
--- !u!1 &7689958993420736584
GameObject:
  m_ObjectHideFlags: 0
  m_CorrespondingSourceObject: {fileID: 0}
  m_PrefabInstance: {fileID: 0}
  m_PrefabAsset: {fileID: 0}
  serializedVersion: 6
  m_Component:
  - component: {fileID: 6888614292448649655}
  - component: {fileID: 1702668773753347765}
  m_Layer: 0
  m_Name: Noeud
  m_TagString: Untagged
  m_Icon: {fileID: 0}
  m_NavMeshLayer: 0
  m_StaticEditorFlags: 4294967295
  m_IsActive: 1
--- !u!4 &6888614292448649655
Transform:
  m_ObjectHideFlags: 0
  m_CorrespondingSourceObject: {fileID: 0}
  m_PrefabInstance: {fileID: 0}
  m_PrefabAsset: {fileID: 0}
  m_GameObject: {fileID: 7689958993420736584}
  m_LocalRotation: {x: 0, y: 0, z: 0, w: 1}
  m_LocalPosition: {x: 0.234, y: 0.5, z: 0}
  m_LocalScale: {x: 1, y: 1, z: 1}
  m_Children:
  - {fileID: 8377903265544688775}
  - {fileID: 2361408151050317611}
  - {fileID: 5418127217473341866}
  - {fileID: 6411830760303070920}
  - {fileID: 7415145573792577090}
  m_Father: {fileID: 0}
  m_RootOrder: 0
  m_LocalEulerAnglesHint: {x: 0, y: 0, z: 0}
--- !u!114 &1702668773753347765
MonoBehaviour:
  m_ObjectHideFlags: 0
  m_CorrespondingSourceObject: {fileID: 0}
  m_PrefabInstance: {fileID: 0}
  m_PrefabAsset: {fileID: 0}
  m_GameObject: {fileID: 7689958993420736584}
  m_Enabled: 1
  m_EditorHideFlags: 0
  m_Script: {fileID: 11500000, guid: 3d560dece521954409467b842abf5b9f, type: 3}
  m_Name: 
  m_EditorClassIdentifier: 
  lienOuest: {fileID: 4145021180228064880, guid: 03401b2fe5a0df44a8f657be4511cc43,
    type: 3}
  lienSud: {fileID: 4145021180228064880, guid: 03401b2fe5a0df44a8f657be4511cc43, type: 3}
  murExterieur: {fileID: 8132399056934399249, guid: 080b85987123074408941cb0e15fe691,
    type: 3}
  explored: 0
--- !u!1001 &1021983917601346173
PrefabInstance:
  m_ObjectHideFlags: 0
  serializedVersion: 2
  m_Modification:
    m_TransformParent: {fileID: 6888614292448649655}
    m_Modifications:
    - target: {fileID: 905312556917300621, guid: 5d32fcd289068f4458b21aa5693d1a2f,
        type: 3}
      propertyPath: m_Name
      value: Lien
      objectReference: {fileID: 0}
    - target: {fileID: 905312556917300621, guid: 5d32fcd289068f4458b21aa5693d1a2f,
        type: 3}
      propertyPath: m_StaticEditorFlags
      value: 4294967295
      objectReference: {fileID: 0}
    - target: {fileID: 4980942748578585559, guid: 5d32fcd289068f4458b21aa5693d1a2f,
        type: 3}
      propertyPath: m_RootOrder
      value: 2
      objectReference: {fileID: 0}
    - target: {fileID: 4980942748578585559, guid: 5d32fcd289068f4458b21aa5693d1a2f,
        type: 3}
      propertyPath: m_LocalPosition.x
      value: 0
      objectReference: {fileID: 0}
    - target: {fileID: 4980942748578585559, guid: 5d32fcd289068f4458b21aa5693d1a2f,
        type: 3}
      propertyPath: m_LocalPosition.y
      value: 0
      objectReference: {fileID: 0}
    - target: {fileID: 4980942748578585559, guid: 5d32fcd289068f4458b21aa5693d1a2f,
        type: 3}
      propertyPath: m_LocalPosition.z
      value: 3
      objectReference: {fileID: 0}
    - target: {fileID: 4980942748578585559, guid: 5d32fcd289068f4458b21aa5693d1a2f,
        type: 3}
      propertyPath: m_LocalRotation.w
      value: 1
      objectReference: {fileID: 0}
    - target: {fileID: 4980942748578585559, guid: 5d32fcd289068f4458b21aa5693d1a2f,
        type: 3}
      propertyPath: m_LocalRotation.x
      value: -0
      objectReference: {fileID: 0}
    - target: {fileID: 4980942748578585559, guid: 5d32fcd289068f4458b21aa5693d1a2f,
        type: 3}
      propertyPath: m_LocalRotation.y
      value: -0
      objectReference: {fileID: 0}
    - target: {fileID: 4980942748578585559, guid: 5d32fcd289068f4458b21aa5693d1a2f,
        type: 3}
      propertyPath: m_LocalRotation.z
      value: -0
      objectReference: {fileID: 0}
    - target: {fileID: 4980942748578585559, guid: 5d32fcd289068f4458b21aa5693d1a2f,
        type: 3}
      propertyPath: m_LocalEulerAnglesHint.x
      value: 0
      objectReference: {fileID: 0}
    - target: {fileID: 4980942748578585559, guid: 5d32fcd289068f4458b21aa5693d1a2f,
        type: 3}
      propertyPath: m_LocalEulerAnglesHint.y
      value: 0
      objectReference: {fileID: 0}
    - target: {fileID: 4980942748578585559, guid: 5d32fcd289068f4458b21aa5693d1a2f,
        type: 3}
      propertyPath: m_LocalEulerAnglesHint.z
      value: 0
      objectReference: {fileID: 0}
    - target: {fileID: 5419160304472086535, guid: 5d32fcd289068f4458b21aa5693d1a2f,
        type: 3}
      propertyPath: m_Materials.Array.data[0]
      value: 
      objectReference: {fileID: 2100000, guid: aa01fb361ceec0b41acac3ffb7ab1c21, type: 2}
    m_RemovedComponents: []
  m_SourcePrefab: {fileID: 100100000, guid: 5d32fcd289068f4458b21aa5693d1a2f, type: 3}
--- !u!1 &197736222729949168 stripped
GameObject:
  m_CorrespondingSourceObject: {fileID: 905312556917300621, guid: 5d32fcd289068f4458b21aa5693d1a2f,
    type: 3}
  m_PrefabInstance: {fileID: 1021983917601346173}
  m_PrefabAsset: {fileID: 0}
--- !u!4 &5418127217473341866 stripped
Transform:
  m_CorrespondingSourceObject: {fileID: 4980942748578585559, guid: 5d32fcd289068f4458b21aa5693d1a2f,
    type: 3}
  m_PrefabInstance: {fileID: 1021983917601346173}
  m_PrefabAsset: {fileID: 0}
--- !u!1001 &2154052202612397343
PrefabInstance:
  m_ObjectHideFlags: 0
  serializedVersion: 2
  m_Modification:
    m_TransformParent: {fileID: 6888614292448649655}
    m_Modifications:
    - target: {fileID: 905312556917300621, guid: 5d32fcd289068f4458b21aa5693d1a2f,
        type: 3}
      propertyPath: m_Name
      value: Lien (1)
      objectReference: {fileID: 0}
    - target: {fileID: 905312556917300621, guid: 5d32fcd289068f4458b21aa5693d1a2f,
        type: 3}
      propertyPath: m_StaticEditorFlags
      value: 4294967295
      objectReference: {fileID: 0}
    - target: {fileID: 4980942748578585559, guid: 5d32fcd289068f4458b21aa5693d1a2f,
        type: 3}
      propertyPath: m_RootOrder
      value: 3
      objectReference: {fileID: 0}
    - target: {fileID: 4980942748578585559, guid: 5d32fcd289068f4458b21aa5693d1a2f,
        type: 3}
      propertyPath: m_LocalPosition.x
      value: 3
      objectReference: {fileID: 0}
    - target: {fileID: 4980942748578585559, guid: 5d32fcd289068f4458b21aa5693d1a2f,
        type: 3}
      propertyPath: m_LocalPosition.y
      value: 0
      objectReference: {fileID: 0}
    - target: {fileID: 4980942748578585559, guid: 5d32fcd289068f4458b21aa5693d1a2f,
        type: 3}
      propertyPath: m_LocalPosition.z
      value: 0
      objectReference: {fileID: 0}
    - target: {fileID: 4980942748578585559, guid: 5d32fcd289068f4458b21aa5693d1a2f,
        type: 3}
      propertyPath: m_LocalRotation.w
      value: 0.7071068
      objectReference: {fileID: 0}
    - target: {fileID: 4980942748578585559, guid: 5d32fcd289068f4458b21aa5693d1a2f,
        type: 3}
      propertyPath: m_LocalRotation.x
      value: 0
      objectReference: {fileID: 0}
    - target: {fileID: 4980942748578585559, guid: 5d32fcd289068f4458b21aa5693d1a2f,
        type: 3}
      propertyPath: m_LocalRotation.y
      value: 0.7071068
      objectReference: {fileID: 0}
    - target: {fileID: 4980942748578585559, guid: 5d32fcd289068f4458b21aa5693d1a2f,
        type: 3}
      propertyPath: m_LocalRotation.z
      value: 0
      objectReference: {fileID: 0}
    - target: {fileID: 4980942748578585559, guid: 5d32fcd289068f4458b21aa5693d1a2f,
        type: 3}
      propertyPath: m_LocalEulerAnglesHint.x
      value: 0
      objectReference: {fileID: 0}
    - target: {fileID: 4980942748578585559, guid: 5d32fcd289068f4458b21aa5693d1a2f,
        type: 3}
      propertyPath: m_LocalEulerAnglesHint.y
      value: 90
      objectReference: {fileID: 0}
    - target: {fileID: 4980942748578585559, guid: 5d32fcd289068f4458b21aa5693d1a2f,
        type: 3}
      propertyPath: m_LocalEulerAnglesHint.z
      value: 0
      objectReference: {fileID: 0}
    - target: {fileID: 5419160304472086535, guid: 5d32fcd289068f4458b21aa5693d1a2f,
        type: 3}
      propertyPath: m_Materials.Array.data[0]
      value: 
      objectReference: {fileID: 2100000, guid: aa01fb361ceec0b41acac3ffb7ab1c21, type: 2}
    m_RemovedComponents: []
  m_SourcePrefab: {fileID: 100100000, guid: 5d32fcd289068f4458b21aa5693d1a2f, type: 3}
--- !u!1 &1257889584480356498 stripped
GameObject:
  m_CorrespondingSourceObject: {fileID: 905312556917300621, guid: 5d32fcd289068f4458b21aa5693d1a2f,
    type: 3}
  m_PrefabInstance: {fileID: 2154052202612397343}
  m_PrefabAsset: {fileID: 0}
--- !u!4 &6411830760303070920 stripped
Transform:
  m_CorrespondingSourceObject: {fileID: 4980942748578585559, guid: 5d32fcd289068f4458b21aa5693d1a2f,
    type: 3}
  m_PrefabInstance: {fileID: 2154052202612397343}
  m_PrefabAsset: {fileID: 0}
--- !u!1001 &8687781614933445485
PrefabInstance:
  m_ObjectHideFlags: 0
  serializedVersion: 2
  m_Modification:
    m_TransformParent: {fileID: 6888614292448649655}
    m_Modifications:
    - target: {fileID: 45583916513011761, guid: 8fbb890d0bad62a42a63a1a6c5fd644a,
        type: 3}
      propertyPath: m_StaticEditorFlags
      value: 4294967295
      objectReference: {fileID: 0}
    - target: {fileID: 97815661215933319, guid: 8fbb890d0bad62a42a63a1a6c5fd644a,
        type: 3}
      propertyPath: m_StaticEditorFlags
      value: 4294967295
      objectReference: {fileID: 0}
    - target: {fileID: 244067627992336030, guid: 8fbb890d0bad62a42a63a1a6c5fd644a,
        type: 3}
      propertyPath: m_StaticEditorFlags
      value: 4294967295
      objectReference: {fileID: 0}
    - target: {fileID: 351978295547440402, guid: 8fbb890d0bad62a42a63a1a6c5fd644a,
        type: 3}
      propertyPath: m_StaticEditorFlags
      value: 4294967295
      objectReference: {fileID: 0}
    - target: {fileID: 418018916688134927, guid: 8fbb890d0bad62a42a63a1a6c5fd644a,
        type: 3}
      propertyPath: m_StaticEditorFlags
      value: 4294967295
      objectReference: {fileID: 0}
    - target: {fileID: 620547152740839676, guid: 8fbb890d0bad62a42a63a1a6c5fd644a,
        type: 3}
      propertyPath: m_StaticEditorFlags
      value: 4294967295
      objectReference: {fileID: 0}
    - target: {fileID: 787060594924192790, guid: 8fbb890d0bad62a42a63a1a6c5fd644a,
        type: 3}
      propertyPath: m_StaticEditorFlags
      value: 4294967295
      objectReference: {fileID: 0}
    - target: {fileID: 1061552816324084625, guid: 8fbb890d0bad62a42a63a1a6c5fd644a,
        type: 3}
      propertyPath: m_StaticEditorFlags
      value: 4294967295
      objectReference: {fileID: 0}
    - target: {fileID: 1336259526026236843, guid: 8fbb890d0bad62a42a63a1a6c5fd644a,
        type: 3}
      propertyPath: m_StaticEditorFlags
      value: 4294967295
      objectReference: {fileID: 0}
    - target: {fileID: 1414055886464847419, guid: 8fbb890d0bad62a42a63a1a6c5fd644a,
        type: 3}
      propertyPath: m_StaticEditorFlags
      value: 4294967295
      objectReference: {fileID: 0}
    - target: {fileID: 1453586129700548708, guid: 8fbb890d0bad62a42a63a1a6c5fd644a,
        type: 3}
      propertyPath: m_StaticEditorFlags
      value: 4294967295
      objectReference: {fileID: 0}
    - target: {fileID: 1467289290173465901, guid: 8fbb890d0bad62a42a63a1a6c5fd644a,
        type: 3}
      propertyPath: m_StaticEditorFlags
      value: 4294967295
      objectReference: {fileID: 0}
    - target: {fileID: 1503264616178175213, guid: 8fbb890d0bad62a42a63a1a6c5fd644a,
        type: 3}
      propertyPath: m_StaticEditorFlags
      value: 4294967295
      objectReference: {fileID: 0}
    - target: {fileID: 1530379901314541461, guid: 8fbb890d0bad62a42a63a1a6c5fd644a,
        type: 3}
      propertyPath: m_Name
      value: Barrel
      objectReference: {fileID: 0}
    - target: {fileID: 1530379901314541461, guid: 8fbb890d0bad62a42a63a1a6c5fd644a,
        type: 3}
      propertyPath: m_StaticEditorFlags
      value: 4294967295
      objectReference: {fileID: 0}
    - target: {fileID: 1724298954018246473, guid: 8fbb890d0bad62a42a63a1a6c5fd644a,
        type: 3}
      propertyPath: m_StaticEditorFlags
      value: 4294967295
      objectReference: {fileID: 0}
    - target: {fileID: 1749342820263368108, guid: 8fbb890d0bad62a42a63a1a6c5fd644a,
        type: 3}
      propertyPath: m_StaticEditorFlags
      value: 4294967295
      objectReference: {fileID: 0}
    - target: {fileID: 1857388465476529104, guid: 8fbb890d0bad62a42a63a1a6c5fd644a,
        type: 3}
      propertyPath: m_StaticEditorFlags
      value: 4294967295
      objectReference: {fileID: 0}
    - target: {fileID: 2002132953903747226, guid: 8fbb890d0bad62a42a63a1a6c5fd644a,
        type: 3}
      propertyPath: m_StaticEditorFlags
      value: 4294967295
      objectReference: {fileID: 0}
    - target: {fileID: 2009188685321267453, guid: 8fbb890d0bad62a42a63a1a6c5fd644a,
        type: 3}
      propertyPath: m_StaticEditorFlags
      value: 4294967295
      objectReference: {fileID: 0}
    - target: {fileID: 2195171416942345519, guid: 8fbb890d0bad62a42a63a1a6c5fd644a,
        type: 3}
      propertyPath: m_RootOrder
      value: 4
      objectReference: {fileID: 0}
    - target: {fileID: 2195171416942345519, guid: 8fbb890d0bad62a42a63a1a6c5fd644a,
        type: 3}
      propertyPath: m_LocalScale.x
      value: 0.02
      objectReference: {fileID: 0}
    - target: {fileID: 2195171416942345519, guid: 8fbb890d0bad62a42a63a1a6c5fd644a,
        type: 3}
      propertyPath: m_LocalScale.y
      value: 0.02
      objectReference: {fileID: 0}
    - target: {fileID: 2195171416942345519, guid: 8fbb890d0bad62a42a63a1a6c5fd644a,
        type: 3}
      propertyPath: m_LocalScale.z
      value: 0.024
      objectReference: {fileID: 0}
    - target: {fileID: 2195171416942345519, guid: 8fbb890d0bad62a42a63a1a6c5fd644a,
        type: 3}
      propertyPath: m_LocalPosition.x
      value: 4.7
      objectReference: {fileID: 0}
    - target: {fileID: 2195171416942345519, guid: 8fbb890d0bad62a42a63a1a6c5fd644a,
        type: 3}
      propertyPath: m_LocalPosition.y
      value: 0.447
      objectReference: {fileID: 0}
    - target: {fileID: 2195171416942345519, guid: 8fbb890d0bad62a42a63a1a6c5fd644a,
        type: 3}
      propertyPath: m_LocalPosition.z
      value: 3.16
      objectReference: {fileID: 0}
    - target: {fileID: 2195171416942345519, guid: 8fbb890d0bad62a42a63a1a6c5fd644a,
        type: 3}
      propertyPath: m_LocalRotation.w
      value: 0.7071068
      objectReference: {fileID: 0}
    - target: {fileID: 2195171416942345519, guid: 8fbb890d0bad62a42a63a1a6c5fd644a,
        type: 3}
      propertyPath: m_LocalRotation.x
      value: -0.7071068
      objectReference: {fileID: 0}
    - target: {fileID: 2195171416942345519, guid: 8fbb890d0bad62a42a63a1a6c5fd644a,
        type: 3}
      propertyPath: m_LocalRotation.y
      value: -0
      objectReference: {fileID: 0}
    - target: {fileID: 2195171416942345519, guid: 8fbb890d0bad62a42a63a1a6c5fd644a,
        type: 3}
      propertyPath: m_LocalRotation.z
      value: -0
      objectReference: {fileID: 0}
    - target: {fileID: 2195171416942345519, guid: 8fbb890d0bad62a42a63a1a6c5fd644a,
        type: 3}
      propertyPath: m_LocalEulerAnglesHint.x
      value: 0
      objectReference: {fileID: 0}
    - target: {fileID: 2195171416942345519, guid: 8fbb890d0bad62a42a63a1a6c5fd644a,
        type: 3}
      propertyPath: m_LocalEulerAnglesHint.y
      value: 0
      objectReference: {fileID: 0}
    - target: {fileID: 2195171416942345519, guid: 8fbb890d0bad62a42a63a1a6c5fd644a,
        type: 3}
      propertyPath: m_LocalEulerAnglesHint.z
      value: 0
      objectReference: {fileID: 0}
    - target: {fileID: 2399889303152611646, guid: 8fbb890d0bad62a42a63a1a6c5fd644a,
        type: 3}
      propertyPath: m_StaticEditorFlags
      value: 4294967295
      objectReference: {fileID: 0}
    - target: {fileID: 2414434247512605065, guid: 8fbb890d0bad62a42a63a1a6c5fd644a,
        type: 3}
      propertyPath: m_StaticEditorFlags
      value: 4294967295
      objectReference: {fileID: 0}
    - target: {fileID: 2451646562471373460, guid: 8fbb890d0bad62a42a63a1a6c5fd644a,
        type: 3}
      propertyPath: m_StaticEditorFlags
      value: 4294967295
      objectReference: {fileID: 0}
    - target: {fileID: 2470686460210215273, guid: 8fbb890d0bad62a42a63a1a6c5fd644a,
        type: 3}
      propertyPath: m_StaticEditorFlags
      value: 4294967295
      objectReference: {fileID: 0}
    - target: {fileID: 2629400111913868072, guid: 8fbb890d0bad62a42a63a1a6c5fd644a,
        type: 3}
      propertyPath: m_StaticEditorFlags
      value: 4294967295
      objectReference: {fileID: 0}
    - target: {fileID: 2714846905667999291, guid: 8fbb890d0bad62a42a63a1a6c5fd644a,
        type: 3}
      propertyPath: m_StaticEditorFlags
      value: 4294967295
      objectReference: {fileID: 0}
    - target: {fileID: 2799604137105290563, guid: 8fbb890d0bad62a42a63a1a6c5fd644a,
        type: 3}
      propertyPath: m_StaticEditorFlags
      value: 4294967295
      objectReference: {fileID: 0}
    - target: {fileID: 2871502737561223318, guid: 8fbb890d0bad62a42a63a1a6c5fd644a,
        type: 3}
      propertyPath: m_StaticEditorFlags
      value: 4294967295
      objectReference: {fileID: 0}
    - target: {fileID: 3106827840799749464, guid: 8fbb890d0bad62a42a63a1a6c5fd644a,
        type: 3}
      propertyPath: m_StaticEditorFlags
      value: 4294967295
      objectReference: {fileID: 0}
    - target: {fileID: 3690083945594426634, guid: 8fbb890d0bad62a42a63a1a6c5fd644a,
        type: 3}
      propertyPath: m_StaticEditorFlags
      value: 4294967295
      objectReference: {fileID: 0}
    - target: {fileID: 3691957401383945429, guid: 8fbb890d0bad62a42a63a1a6c5fd644a,
        type: 3}
      propertyPath: m_StaticEditorFlags
      value: 4294967295
      objectReference: {fileID: 0}
    - target: {fileID: 3870384014556232324, guid: 8fbb890d0bad62a42a63a1a6c5fd644a,
        type: 3}
      propertyPath: m_StaticEditorFlags
      value: 4294967295
      objectReference: {fileID: 0}
    - target: {fileID: 3963806964913969398, guid: 8fbb890d0bad62a42a63a1a6c5fd644a,
        type: 3}
      propertyPath: m_StaticEditorFlags
      value: 4294967295
      objectReference: {fileID: 0}
    - target: {fileID: 3987840899417439625, guid: 8fbb890d0bad62a42a63a1a6c5fd644a,
        type: 3}
      propertyPath: m_StaticEditorFlags
      value: 4294967295
      objectReference: {fileID: 0}
    - target: {fileID: 4061829629464646529, guid: 8fbb890d0bad62a42a63a1a6c5fd644a,
        type: 3}
      propertyPath: m_StaticEditorFlags
      value: 4294967295
      objectReference: {fileID: 0}
    - target: {fileID: 4097029873656795326, guid: 8fbb890d0bad62a42a63a1a6c5fd644a,
        type: 3}
      propertyPath: m_StaticEditorFlags
      value: 4294967295
      objectReference: {fileID: 0}
    - target: {fileID: 4359592368166145638, guid: 8fbb890d0bad62a42a63a1a6c5fd644a,
        type: 3}
      propertyPath: m_StaticEditorFlags
      value: 4294967295
      objectReference: {fileID: 0}
    - target: {fileID: 4365983845573990952, guid: 8fbb890d0bad62a42a63a1a6c5fd644a,
        type: 3}
      propertyPath: m_StaticEditorFlags
      value: 4294967295
      objectReference: {fileID: 0}
    - target: {fileID: 4390008894610585650, guid: 8fbb890d0bad62a42a63a1a6c5fd644a,
        type: 3}
      propertyPath: m_StaticEditorFlags
      value: 4294967295
      objectReference: {fileID: 0}
    - target: {fileID: 4594451114454391044, guid: 8fbb890d0bad62a42a63a1a6c5fd644a,
        type: 3}
      propertyPath: m_StaticEditorFlags
      value: 4294967295
      objectReference: {fileID: 0}
    - target: {fileID: 4740911402873308143, guid: 8fbb890d0bad62a42a63a1a6c5fd644a,
        type: 3}
      propertyPath: m_StaticEditorFlags
      value: 4294967295
      objectReference: {fileID: 0}
    - target: {fileID: 4926283241978979962, guid: 8fbb890d0bad62a42a63a1a6c5fd644a,
        type: 3}
      propertyPath: m_StaticEditorFlags
      value: 4294967295
      objectReference: {fileID: 0}
    - target: {fileID: 4978428284168480229, guid: 8fbb890d0bad62a42a63a1a6c5fd644a,
        type: 3}
      propertyPath: m_StaticEditorFlags
      value: 4294967295
      objectReference: {fileID: 0}
    - target: {fileID: 5171301641340381997, guid: 8fbb890d0bad62a42a63a1a6c5fd644a,
        type: 3}
      propertyPath: m_StaticEditorFlags
      value: 4294967295
      objectReference: {fileID: 0}
    - target: {fileID: 5206986439385370160, guid: 8fbb890d0bad62a42a63a1a6c5fd644a,
        type: 3}
      propertyPath: m_StaticEditorFlags
      value: 4294967295
      objectReference: {fileID: 0}
    - target: {fileID: 5273922285085817879, guid: 8fbb890d0bad62a42a63a1a6c5fd644a,
        type: 3}
      propertyPath: m_StaticEditorFlags
      value: 4294967295
      objectReference: {fileID: 0}
    - target: {fileID: 5324128866191849833, guid: 8fbb890d0bad62a42a63a1a6c5fd644a,
        type: 3}
      propertyPath: m_StaticEditorFlags
      value: 4294967295
      objectReference: {fileID: 0}
    - target: {fileID: 5336180476209893210, guid: 8fbb890d0bad62a42a63a1a6c5fd644a,
        type: 3}
      propertyPath: m_StaticEditorFlags
      value: 4294967295
      objectReference: {fileID: 0}
    - target: {fileID: 5475304846233992784, guid: 8fbb890d0bad62a42a63a1a6c5fd644a,
        type: 3}
      propertyPath: m_StaticEditorFlags
      value: 4294967295
      objectReference: {fileID: 0}
    - target: {fileID: 6044551624430190813, guid: 8fbb890d0bad62a42a63a1a6c5fd644a,
        type: 3}
      propertyPath: m_StaticEditorFlags
      value: 4294967295
      objectReference: {fileID: 0}
    - target: {fileID: 6137409603331897205, guid: 8fbb890d0bad62a42a63a1a6c5fd644a,
        type: 3}
      propertyPath: m_StaticEditorFlags
      value: 4294967295
      objectReference: {fileID: 0}
    - target: {fileID: 6185357083891749071, guid: 8fbb890d0bad62a42a63a1a6c5fd644a,
        type: 3}
      propertyPath: m_StaticEditorFlags
      value: 4294967295
      objectReference: {fileID: 0}
    - target: {fileID: 6347630509606236120, guid: 8fbb890d0bad62a42a63a1a6c5fd644a,
        type: 3}
      propertyPath: m_StaticEditorFlags
      value: 4294967295
      objectReference: {fileID: 0}
    - target: {fileID: 6493508808677318692, guid: 8fbb890d0bad62a42a63a1a6c5fd644a,
        type: 3}
      propertyPath: m_StaticEditorFlags
      value: 4294967295
      objectReference: {fileID: 0}
    - target: {fileID: 6817763963014160694, guid: 8fbb890d0bad62a42a63a1a6c5fd644a,
        type: 3}
      propertyPath: m_StaticEditorFlags
      value: 4294967295
      objectReference: {fileID: 0}
    - target: {fileID: 6828821690778599901, guid: 8fbb890d0bad62a42a63a1a6c5fd644a,
        type: 3}
      propertyPath: m_StaticEditorFlags
      value: 4294967295
      objectReference: {fileID: 0}
    - target: {fileID: 7397417107033687285, guid: 8fbb890d0bad62a42a63a1a6c5fd644a,
        type: 3}
      propertyPath: m_StaticEditorFlags
      value: 4294967295
      objectReference: {fileID: 0}
    - target: {fileID: 7410500408207126699, guid: 8fbb890d0bad62a42a63a1a6c5fd644a,
        type: 3}
      propertyPath: m_StaticEditorFlags
      value: 4294967295
      objectReference: {fileID: 0}
    - target: {fileID: 7569889862046183744, guid: 8fbb890d0bad62a42a63a1a6c5fd644a,
        type: 3}
      propertyPath: m_StaticEditorFlags
      value: 4294967295
      objectReference: {fileID: 0}
    - target: {fileID: 7660067377700567445, guid: 8fbb890d0bad62a42a63a1a6c5fd644a,
        type: 3}
      propertyPath: m_StaticEditorFlags
      value: 4294967295
      objectReference: {fileID: 0}
    - target: {fileID: 7762997505413823567, guid: 8fbb890d0bad62a42a63a1a6c5fd644a,
        type: 3}
      propertyPath: m_StaticEditorFlags
      value: 4294967295
      objectReference: {fileID: 0}
    - target: {fileID: 7810456341736043817, guid: 8fbb890d0bad62a42a63a1a6c5fd644a,
        type: 3}
      propertyPath: m_StaticEditorFlags
      value: 4294967295
      objectReference: {fileID: 0}
    - target: {fileID: 7840129908223868899, guid: 8fbb890d0bad62a42a63a1a6c5fd644a,
        type: 3}
      propertyPath: m_StaticEditorFlags
      value: 4294967295
      objectReference: {fileID: 0}
    - target: {fileID: 7886050877924736622, guid: 8fbb890d0bad62a42a63a1a6c5fd644a,
        type: 3}
      propertyPath: m_StaticEditorFlags
      value: 4294967295
      objectReference: {fileID: 0}
    - target: {fileID: 8026866670435608750, guid: 8fbb890d0bad62a42a63a1a6c5fd644a,
        type: 3}
      propertyPath: m_StaticEditorFlags
      value: 4294967295
      objectReference: {fileID: 0}
    - target: {fileID: 8057929646572400874, guid: 8fbb890d0bad62a42a63a1a6c5fd644a,
        type: 3}
      propertyPath: m_StaticEditorFlags
      value: 4294967295
      objectReference: {fileID: 0}
    - target: {fileID: 8683811281431318736, guid: 8fbb890d0bad62a42a63a1a6c5fd644a,
        type: 3}
      propertyPath: m_StaticEditorFlags
      value: 4294967295
      objectReference: {fileID: 0}
    - target: {fileID: 8754660197860912319, guid: 8fbb890d0bad62a42a63a1a6c5fd644a,
        type: 3}
      propertyPath: m_StaticEditorFlags
      value: 4294967295
      objectReference: {fileID: 0}
    - target: {fileID: 8818969471036282151, guid: 8fbb890d0bad62a42a63a1a6c5fd644a,
        type: 3}
      propertyPath: m_StaticEditorFlags
      value: 4294967295
      objectReference: {fileID: 0}
    - target: {fileID: 9054912606093780316, guid: 8fbb890d0bad62a42a63a1a6c5fd644a,
        type: 3}
      propertyPath: m_StaticEditorFlags
      value: 4294967295
      objectReference: {fileID: 0}
    - target: {fileID: 9071941788770705806, guid: 8fbb890d0bad62a42a63a1a6c5fd644a,
        type: 3}
      propertyPath: m_StaticEditorFlags
      value: 4294967295
      objectReference: {fileID: 0}
    m_RemovedComponents: []
  m_SourcePrefab: {fileID: 100100000, guid: 8fbb890d0bad62a42a63a1a6c5fd644a, type: 3}
--- !u!4 &7415145573792577090 stripped
Transform:
  m_CorrespondingSourceObject: {fileID: 2195171416942345519, guid: 8fbb890d0bad62a42a63a1a6c5fd644a,
    type: 3}
  m_PrefabInstance: {fileID: 8687781614933445485}
  m_PrefabAsset: {fileID: 0}
